<?xml version="1.0" encoding="UTF-8"?><collection xmlns="http://www.loc.gov/MARC21/slim"><record><leader>00562nam--2200193-i-4500</leader><controlfield tag="001">000040772</controlfield><controlfield tag="002">20161230</controlfield><controlfield tag="005">20161230201042</controlfield><controlfield tag="008">060222s1000------------r-----000-0-ger-d</controlfield><datafield ind1=" " ind2=" " tag="040"><subfield code="a">IFIN-HH</subfield></datafield><datafield ind1=" " ind2=" " tag="041"><subfield code="a">ger</subfield></datafield><datafield ind1=" " ind2=" " tag="080"><subfield code="a">537.8</subfield></datafield><datafield ind1="1" ind2=" " tag="100"><subfield code="a">Schilling, Heinz</subfield></datafield><datafield ind1="1" ind2="0" tag="245"><subfield code="a">Elektromagnetische felder und wellen</subfield><subfield code="b">Mit 112 durchgerechneten beispielen und 299 aufgaben mit losungen</subfield><subfield code="c">Heinz schilling</subfield></datafield><datafield ind1=" " ind2=" " tag="260"><subfield code="a">Leipzig</subfield><subfield code="b">Veb Fachbuchverlag</subfield><subfield code="c">1974</subfield></datafield><datafield ind1=" " ind2=" " tag="300"><subfield code="a">386P</subfield></datafield><datafield ind1=" " ind2=" " tag="490"><subfield code="a">Physik In Beispielen</subfield></datafield><datafield ind1=" " ind2=" " tag="852"><subfield code="a">42846</subfield><subfield code="c">537:538</subfield></datafield><datafield ind1=" " ind2=" " tag="CAT"><subfield code="a">Sys</subfield><subfield code="c">20110621</subfield><subfield code="h">084729</subfield></datafield></record></collection>